<record xmlns="http://www.loc.gov/MARC21/slim" xmlns:xsi="http://www.w3.org/2001/XMLSchema-instance" xsi:schemaLocation="http://www.loc.gov/MARC21/slim http://www.loc.gov/standards/marcxml/schema/MARC21slim.xsd">

  <leader>00701nam a2200181Ia 4500</leader>
  <datafield ind1=" " ind2=" " tag="999">
    <subfield code="c">2053</subfield>
    <subfield code="d">2053</subfield>
  </datafield>
  <controlfield tag="008">180829b2002    cr ||||| |||| 00| 0 spa d</controlfield>
  <datafield tag="090" ind2=" " ind1=" ">
    <subfield code="a">12.06.01 </subfield>
    <subfield code="b">1604</subfield>
  </datafield>
  <datafield ind1=" " ind2=" " tag="100">
    <subfield code="a">Mato Bode, María Adriana</subfield>
    <subfield code="9">3718</subfield>
  </datafield>
  <datafield tag="245" ind2="3" ind1="1">
    <subfield code="a">La dimensión de gestión en la construcción de la sostenibilidad Institucional / </subfield>
    <subfield code="c">María Adriana Mato Bode; Julio Santamaría Guerra; José de Souza Silva; Juan Chaez Peláez</subfield>
  </datafield>
  <datafield ind1=" " ind2=" " tag="260">
    <subfield code="a">San José, Costa Rica : </subfield>
    <subfield code="b">Proyecto ISNAR, </subfield>
    <subfield code="c">2001</subfield>
  </datafield>
  <datafield tag="300" ind2=" " ind1=" ">
    <subfield code="a">120 páginas</subfield>
  </datafield>
  <datafield ind1="1" ind2="4" tag="650">
    <subfield code="a">INNOVACIONES</subfield>
    <subfield code="9">649</subfield>
  </datafield>
  <datafield ind2="4" tag="650" ind1="1">
    <subfield code="a">ORGANIZACIÓN</subfield>
    <subfield code="9">4169</subfield>
  </datafield>
  <datafield ind2=" " tag="700" ind1=" ">
    <subfield code="a"> Santamaría Guerra, Julio</subfield>
    <subfield code="9">3719</subfield>
  </datafield>
  <datafield ind1=" " tag="700" ind2=" ">
    <subfield code="a">Sousa Silva, José de</subfield>
    <subfield code="9">3721</subfield>
  </datafield>
  <datafield tag="700" ind2=" " ind1="1">
    <subfield code="a">Cheaz Peláez, Juan</subfield>
    <subfield code="9">3720</subfield>
  </datafield>
  <datafield tag="942" ind2=" " ind1=" ">
    <subfield code="2">z</subfield>
    <subfield code="c">01</subfield>
  </datafield>
</record>